%%%%%%%%% OPTIONS FOR CITATIONS %%%%%%%%%%
% article -- Article from a magazine or journal
% book -- A published book
% booklet -- A work that is printed but has no publisher or sponsoring institution
% conference -- An article in a conference proceedings
% inbook -- A part of a book (section, chapter and so on)
% incollection -- A part of a book having its own title
% inproceedings -- An article in a conference proceedings
% manual -- Technical documentation
% misc -- Something that doesn't fit in any other type
% techreport -- Report published by an institution
% unpublished -- Document not formally published, with author and title

@article{carpentry, 
    title = "Data carpentry: Workshops to increase data literacy for researchers", 
    volume = "10", 
    pages = "343--353", 
    number = "1", 
    journal = "International Journal of Digital Curation", 
    author = "Tracy K. Teal and Kevin A. Cranston and Henry Lapp and Ethan White and Greg Wilson and Kathy Ram and Allison Pawlik", 
    year = "2015"
}

@article{green,
	title = "Complexity in Ecology and Conservation: Mathematical, Statistical, and Computational Challenges",
	volume = "55",
	pages = "501--510",
	number = "6",
	journal = "BioScience",
	author = "Green, Jessica L. and Hastings, Alan and Arzberger, Peter and Ayala, Francisco J. and Cottingham, Kathryn L. and Cuddington, Kim and Davis, Frank and Dunne, Jennifer A. and Fortin, Marie-Jose and Gerber, Leah and Neubert, Michael",
	year = "2005"
}

@article{mine,
	title = "Infrastructure and Tools for Teaching Computing Throughout the Statistical Curriculum",
	volume = "72",
	pages = "58--65",
	number = "1",
	journal = "The American Statistician",
	author = "Mine Cetinkaya-Rundel and Colin Rundel",
	year = "2018"
	}
	
@article{kaplan,
	title = "Teaching Stats for Data Science",
	volume = "72",
	pages = "89--96",
	number = "1",
	journal = "The American Statistician",
	author = "Daniel Kaplan",
	year = "2018"
	}

@techreport{tidytools,
	title = "Declutter your {R} workflow with tidy tools",
	institution = "PeerJ Preprints",
	author = "Zev Ross and Hadley Wickham and David Robinson",
	year = "2017"
}

@article{mcnamara_horton,
	title = "Wrangling Categorical Data in {R}",
	volume = "72",
	pages = "97--104",
	number = "1",
	journal = "The American Statistician",
	author = "Amelia McNamara and Nick Horton",
	year = "2018"
	}

@article{horton_thinkwithdata,
	title = "Teaching the Next Generation of Statistics Students to ``Think With Data'': Special Issue on Statistics and the Undergraduate Curriculum",
	volume = "69",
	pages = "259--265",
	number = "4",
	journal = "The American Statistician",
	author = "Nicholas J. Horton and Johanna S. Hardin",
	year = "2015"
	}

@article{horton_takingachance,
	title = "Setting the Stage for Data Science: Integration of Data Management Skills in Introductory and Second Courses in Statistics",
	volume = "28",
	pages = "40--50",
	number = "2",
	journal = "CHANCE",
	author = "Benjamin S. Baumer and Nicholas J. Horton and Hadley Wickham",
	year = "2015"
	}

@article{horton_challenges,
	title = "Challenges and opportunities for statistics and statistical education: looking back, looking forward",
	journal = "The American Statistician",
	author = "Nicholas J. Horton",
	number = "69", 
	issue = "2",
	pages = "138--145", 
	year = "2015"
	}

@article{baumer_datascience,
	title = "A Data Science Course for Undergraduates: Thinking with Data",
	journal = "The American Statistician",
	author = "Ben Baumer",
	volume = "69", 
	number = "4", 
	year = "2015", 
	pages = "334--342"
	}

@article{nolan,
	title = "Computing in the Statistics Curriculum",
	volume = "64",
	pages = "97--107",
	number = "2",
	journal = "The American Statistician",
	author = "Deborah Nolan and Duncan {Temple Lang}",
	year = "2010"
	}

@article{cobb,
	title = "Mere Renovation is Too Little Too Late: We Need to Rethink our Undergraduate Curriculum from the Ground Up",
	volume = "69",
	pages = "266--282",
	number = "4",
	journal = "The American Statistician",
	author = "George Cobb",
	year = "2015"
}

@article{cobb-ptolemaic,
	title = "The Introductory Statistics Course: A Ptolemaic Curriculum",
	volume = "1",
	pages = "266--282",
	number = "1",
	journal = "Technology Innovations in Statistics Education",
	author = "George Cobb",
	year = "2007"
}

@article{hernandez,
	title = "Advanced Technologies and Data Management Practices in Environmental Science: Lessons from Academia",
	volume = "62",
	pages = "1067--1076",
	number = "12",
	journal = "BioScience",
	author = "Rebecca R. Hernandez and Matthew S. Mayernik and Michelle L. Murphy-Mariscal and Michael F. Allen",
	year = "2012"
}

@article{andelman,
	title = "Understanding Environmental Complexity through a Distributed Knowledge Network",
	volume = "54",
	pages = "240--246",
	number = "3",
	journal = "BioScience",
	author = "Sandy J. Andelman and Christy M. Bowles and Michael R. Willig and Robert B. Waide",
	year = "2004"
}

@article{mislan,
	title = "Elevating The Status of Code in Ecology",
	volume = "31",
	pages = "4--7",
	number = "1",
	journal = "Trends in Ecology \& Evolution",
	author = "K.A.S. Mislan and Jeffrey M. Heer and Ethan P. White",
	year = "2016"
}

@article{Rpopular,
author = "Jiangshan Lai and Christopher J. Lortie and Robert A. Muenchen and Jian Yang and Keping Ma",
title = "Evaluating the popularity of {R} in ecology",
journal = "Ecosphere",
volume = "10",
number = "1",
year = "2019"
}

@article{reproducibility_ecology,
	title = "Open science, reproducibility, and transparency in ecology",
	volume = "29",
	number = "1",
	journal = "Ecological Applications",
	author = "Stephen M. Powers and Stephanie E. Hampton",
	year = "2019"
}

@article{hampton,
	title = "Skills and Knowledge for Data-Intensive Environmental Research",
	volume = "67",
	pages = "546--557",
	number = "6",
	journal = "BioScience",
	author = "Stephanie E. Hampton and Matthew B. Jones and Leah A. Wasser and Mark P. Schildhauer and Sarah R. Supp and Julien Brun and Rebecca R. Hernandez and Carl Boettiger and Scott L. Collins and Louis J. Gross and Denny S. Fernandez and Amber Budden and Ethan P. White and Tracy K. Teal and Stephanie G. Labou and Juliann E. Aukema",
	year = "2017"
}

@article{friedman,
	title = "The role of statistics in the data revolution",
	volume = "69",
	pages = "5--10",
	number = "1",
	journal = "International Statistics Reviews",
	author = "John Friedman",
	year = "2001"
}

@article{hardin,
	title = "Data science in statistics curricula: Preparing students to {``think with data''}",
	volume = "69",
	pages = "343--353",
	number = "4",
	journal = "The American Statistician",
	author = "Johanna Hardin and Ross Hoerl and Nick J. Horton and Deborah Nolan and Ben Baumer and Owen Hall-Holt and Paul Murrell and Roger Peng and Paul Roback and Duncan Temple Lang and Mary Davis Ward",
	year = "2015"
}

@article{labs,
	title = "The fractured lab notebook: Undergraduates and ecological data management training in the united states",
	volume = "3",
	pages = "1--18",
	number = "12",
	journal = "Ecosphere",
	author = "Christine A. Strasser and Stephanie E. Hampton",
	year = "2012"
}

@article{theobold,
title = "How Environmental Science Graduate Students Acquire Statistical computing skills", 
author = "Allison Theobold and Stacey Hancock",
year = "2019", 
journal = "Statistics Education Research Journal", 
number = "2", 
volume = "18", 
pages = "68--85 "
}

@Manual{rstudio, 
title = {RStudio: Integrated Development Environment for R}, 
author = {{RStudio Team}},
organization = {RStudio, Inc.}, 
address = {Boston, MA}, 
year = {2015}, 
url = {http://www.rstudio.com/}
}

@Manual{RStudioCloud,
title = {RStudio Cloud}, 
author = {{RStudio Team}}, 
organization = {RStudio, Inc.}, 
address = {Boston, MA}, 
year = {2015}, 
url = {https://rstudio.cloud}
}

@Misc{ecology_curriculum,
  author = {Conrado, Ana Costa and Fournier, Auriel M.V. and Michonneau, Francois and Seok, Brian},
  title = {datacarpentry/R-ecology-lesson: Data Carpentry: Data Analysis and Visualization in {R} for Ecologists},
  month = "December",
  year = "2018",
  url = "http://datacarpentry.org/R-ecology-lesson/",
  doi = "10.5281/zenodo.3264888"
  notes = {Version v2017.04.3}
}

@article{portal_data,
author = "Morgan Ernest and James Brown and Thomas Valone and Ethan P. White",
title = "Portal Project Teaching Database",
year = "2018",
month = "4",
url = {\href{https://figshare.com/articles/Portal_Project_Teaching_Database/1314459}{https://figshare.com/articles/Portal_Project_Teaching_Database/1314459}},
doi = "10.6084/m9.figshare.1314459.v9"
}

@Book{ggplot,
author = {Hadley Wickham},
title = {ggplot2: Elegant Graphics for Data Analysis},
publisher = {Springer-Verlag, New York},
year = {2016},
isbn = {978-3-319-24277-4},
url = {https://ggplot2.tidyverse.org},
}

@Manual{dplyr,
title = {dplyr: A Grammar of Data Manipulation},
author = {Wickham, Hadley and Romain Francois, Romain and Henry, Lionel and Muller, Kirill},
year = {2020},
note = {R package version 0.8.5},
url = {https://CRAN.R-project.org/package=dplyr},
}

@Manual{tidyr,
title = {tidyr: Tidy Messy Data},
author = {Hadley Wickham and Lionel Henry},
year = {2020},
note = {R package version 1.0.2},
url = {https://CRAN.R-project.org/package=dplyr},
}

@Article{tidy,
  author = {Wickham, Hadley},
  issue = {10},
  journal = {The Journal of Statistical Software},
  title = {Tidy data},
  url = {http://www.jstatsoft.org/v59/i10/},
  volume = {59},
  year = {2014}
}

@Manual{rmarkdown,
title = {rmarkdown: Dynamic Documents for R},
author = {JJ Allaire and Yihui Xie and Jonathan McPherson and Javier Luraschi and Kevin Ushey and Aron Atkins and Hadley Wickham and Joe Cheng and Winston Chang and Richard Iannone},
year = {2019},
note = {R package version 1.16. Available at \href{https://CRAN.R-project.org/package=rmarkdown}{https://CRAN.R-project.org/package=rmarkdown}}
}

@Manual{tidyverse,
title = {tidyverse: Easily Install and Load the `Tidyverse'},
author = {Hadley Wickham},
year = {2017},
note = {R package version 1.2.1},
url = {https://CRAN.R-project.org/package=tidyverse},
}
  
@book{asa, 
title = {2014 curriculum guidelines for undergraduate programs in statistical science}, 
author = {{A}merican {S}tatistical {A}ssociation {U}ndergraduate {G}uidelines {W}orkgroup},
year = {2014}, 
publisher = {American Statistical Association},
address   = {Alexandria, VA}
}

@incollection{means, 
booktitle = {Scaling up success: Lessons from technology-based educational improvment}, 
year = {2005}, 
title = {Research to support scaling up technology-based innovations}, 
author = {Means, B. and Penuel, W. R.},
editor	= {Dede, C. and Honan, J. and Peters, L.},
pages = {176--197},
publisher = {Jossey-Bass}, 
address   = "New York, NY"
}

@incollection{penuel, 
year = "2013", 
title = "Design-Based Implementation Research: An Emerging Model for Transforming the Relationship of Research and Practice", 
booktitle = "Design Based Implementation Research", 
pages = "136--156", 
author = "Fishman, B. J. and Penuel, W. R. and Allen, A.-R. and Cheng, B. H. and Sabelli, N.", 
editor = "Fishman, B. J. and Penuel, W. R.", 
publisher = "National Society for the Study of Education", 
volume = "112"
}

@article{confrey, 
title = "Design experiments in educational research", 
author = "Cobb, P. A. and Confrey, J. and diSessa, A. A. and Lehrer, R. and Schauble, L.", 
year = "2003", 
journal = "Educational Researcher", 
volume = "32", 
number = "1", 
pages = "9--13"
}

@article{oneill, 
title = "Designs that fly: What the history of aeronautics tells us about the future of design-based research in education", 
author = "O'Neill, D. K.", 
year = "2012", 
journal = "International Journal of Research and Method in Education", 
volume = "35", 
number = "2", 
pages = "119--140"
}

@book{miles, 
title = "Qualitative Data Analysis, A Methods Sourcebook", 
author = "Miles, M. B. and Huberman, A. M. and Saldana, J.", 
edition = "3rd", 
publisher = "SAGE", 
address = "Thousand Oaks, CA", 
year = "2014"
}

@book{merriam, 
author = "Merriam, S. B.", 
title = "Qualitative research, a guide to design and implementation", 
publisher = "Jossey-Bass", 
address = "San Francisco", 
year = "2009"
}

@inproceedings{dodds2,
	title = {Evaluating a Breadth-First {CS} 1 for Scientists},
	location = {Portland, Oregon},
	publisher = {{ACM}},
	author = {Dodds, Zachary and Libeskind-Hadas, Ran and Alvarado, Christine and Kuenning, Geoff},
	year = {2008}, 
	booktitle = {Proceedings of the 2008 SIGCSE}
}

@article{eglen, 
author = {Eglen, Stephen J.},
title = {A Quick Guide to Teaching {R} Programming to Computational Biology Students},
journal = {{PLOS} Computational Biology},
volume = {5},
number = {8},
pages = {1--4},
year = {2009}
}

@article{hastings, 
title = {Quantitative Bioscience for the 21st Century}, 
author = {Hastings, Alan and Arzberger, Peter and Bolker, Ben and Collins, Scott and Ives, Anthony, R. and Johnson, Norman A. and Palmer, Margaret A.}, 
journal = {BioScience}, 
volume = {55}, 
number = {6}, 
pages = {511--517}, 
year = {2005}
}

@article{kelling, 
title = {Data-intensive Science: A New Paradigm for Biodiversity Studies}, 
author = {Kelling, Steve and Hochachka, Wesley M. and Fink, Daniel and Riedewald, Mirek and Caruana, Rich and Ballard, Grant and Hooker, Giles}, 
year = {2009}, 
journal = {BioScience}, 
number = {59}, 
issue = {7},
pages = {613--620}
}

@article{wilson-software-carpentry,
author =  {Greg Wilson},
title =   {Software Carpentry: {G}etting Scientists to Write Better Code by Making Them More Productive},
journal = {Computing in Science \& Engineering},
volume = {8}, 
number = {6}, 
pages = {66--69}, 
year =    {2006}
}

@inproceedings{wilson,
	title = {{CS-1} for scientists},
	eventtitle = {39th {ACM} {SIGCSE}},
	pages = {36--37},
	booktitle = {Proceedings of the 2008 SIGCSE},
	location = {Portland, Oregon},
	publisher = {{ACM}},
	author = {Wilson, G. and Alvarado, C. and Campbell, J. and Landau, R. and Sedgewich, R.},
	year = {2008}
}

@article{wing,
	title = {Computational Thinking},
	volume = {49},
	pages = {33--35},
	number = {3},
	journal = {Communications of {ACM}},
	author = {Wing, Jeannette},
	year = {2006}
}

@manual{carpentries,
author = {{The {C}arpentries}},
year = {2019},
month = "September", 
note = {\href{https://carpentries.org/}{https://carpentries.org/}}
}

@inproceedings{dodds1,
	title = {Breadth-First {CS} 1 for Scientists},
	location = {Dundee, Scotland},
	publisher = {{ACM}},
	author = {Dodds, Zachary and Alvarado, Christine and Kuenning, Geoff and Libeskind-Hadas, Ran},
	year = {2007}, 
	booktitle = {Proceedings of the 2007 ITiCSE}
}

@Manual{data-carpentry,
author = {{Data {C}arpentry}},
year = {2020},
month = "January", 
note = {\href{https://datacarpentry.org/}{https://datacarpentry.org/}}
}

@Manual{software-carpentry,
author = {{Software {C}arpentry}},
year = {2020},
month = "January", 
note = {\href{https://software-carpentry.org/}{https://software-carpentry.org/}}
}

@article{mine-rmarkdown,
	title = {R Markdown: Integrating A Reproducible Analysis Tool into Introductory Statistics},
	volume = {8},
	pages = {1--22},
	number = {1},
	journal = {Technology Innovations in Statistics Education},
	author = {Baumer, Ben and Cetinkaya-Rundel, Mine and Bray, Andrew and Loi, Linda and Horton, Nicholas J.},
	year = {2014}
}

@article{hardin-tise,
	title = {Dynamic Data in the Statistics Classroom},
	volume = {11},
	pages = {1--22},
	number = {1},
	journal = {Technology Innovations in Statistics Education},
	author = {Hardin, Johanna},
	year = {2018}
}

@article{horton-tise,
	title = {Data Visualization on Day One: Bringing Big Ideas into Intro Stats Early and Often},
	volume = {10},
	pages = {1--22},
	number = {1},
	journal = {Technology Innovations in Statistics Education},
	author = {Wang, Xiaofei and Rush, Cynthia and Horton, Nicholas J.},
	year = {2017}
}

@article{jenny,
author = {Green, Jennifer L. and Blankenship, Erin E.},
title = {Fostering Conceptual Understanding in Mathematical Statistics},
journal = {The American Statistician},
volume = {69},
number = {4},
pages = {315-325},
year  = {2015}
}

@article{grimshaw,
author = {Grimshaw, Scott D.},
title = {A Framework for Infusing Authentic Data Experiences Within Statistics Courses},
journal = {The American Statistician},
volume = {69},
number = {4},
pages = {307-314},
year  = {2015}
}

@article{hesterberg,
author = {Hesterberg, Tim C.},
title = {What Teachers Should Know About the Bootstrap: Resampling in the Undergraduate Statistics Curriculum},
journal = {The American Statistician},
volume = {69},
number = {4},
pages = {371-386},
year  = {2015}
}

@article{tintle,
author = {Tintle, Nathan and Chance, Beth and Cobb, George and Roy, Soma and Swanson, Todd and VanderStoep, Jill},
title = {Combating Anti-Statistical Thinking Using Simulation-Based Methods Throughout the Undergraduate Curriculum},
journal = {The American Statistician},
volume = {69},
number = {4},
pages = {362-370},
year  = {2015}
}

@techreport{mckinsey,
author = "Manyika, J. and Chui, M. and Brown, B. and Bughin, J. and Dobbs, R. and Roxburgh, C. and Byers, A. H.", 
year = "2011", 
institution = {McKinsey Global Institute},
title = "Big Data: The Next Frontier for Innovation, Competition, and Productivity", 
notes = "available at \href{http://www.mckinsey.com/insights/business_technology/big_data_the_next_frontier_for_innovation}{http://www.mckinsey.com/insights/business_technology/big_data_the_next_frontier_for_innovation}"
}

@book{gaise, 
title = {Guidelines for Assessment and Instruction in Statistics Education College Report 2016}, 
author = {{ASA GAISE College Group}},
year = {2016}, 
publisher = {American Statistical Association},
address = {Alexandria, VA}
}

@misc{mine-jsm, 
author = {Cetinkaya-Rundel, Mine}, 
title = {Intro Stats, Intro Data Science: Do we need both?},
year = {2018},
howpublished = {Presented at the 2018 Joint Statistical Meetings}
}

@article{gould,
author = {Gould, Robert},
title = {Statistics and the Modern Student},
journal = {International Statistics Reveiw},
volume = {78},
number = {2},
pages = {297--315},
year  = {2010}
}

@article{null,
author = {Feldon, D. F. and Jeong, S. and Peugh, J. and Roksa, J. and Maahs-Fladung, C. and Shenoy, A. and Oliva, M.},
title = {Null effects of boot camps and short-format training for PhD students in life sciences},
journal = {Proceedings of the National Academy of Sciences of the United States of America},
volume = {114},
number = {37},
pages = {9854--9858},
year  = {2017}
}

@techreport{null-carpentries,
	title = "When Do Workshops Work? {A} Response to the `{N}ull {E}ffects' paper from {F}eldon et al.",
	institution = "Software Carpentry",
	author = "Word, Karen R. and Jordan, Kari and Becker, Erin and Williams, Jason and Reynolds, Pamela and Hodge, Amy and Belkin, Maxim and Marwick, Ben and Teal, Tracy",
	year = "2017"
}

@book{nas,
author = "{{N}ational {A}cademies of {S}ciences, {E}ngineering, and {M}edicine}", 
year = "2018", 
title = "Data Science for Undergraduates: Opportunities and Options", 
publisher = {The National Academies Press},
address   = {Washington, DC}
}

@article{pva,
author = {Morrison, Clare and Wardle, Cassandra and Castley, J.Guy},
title = {Repeatability and Reproducibility of Population Viability Analysis (PVA) and the Implications for Threatened Species Management},
journal = {Frontiers in Ecology and Evolution},
volume = {4},
pages = {98},
year  = {2016}
}

@article{reproducibilty-comment,
author = {Cassey, Phillip AND Blackburn, Tim M.},
title = {Reproducibility and Repeatability in Ecology},
journal = {BioScience},
volume = {56},
number = {12},
pages = {98},
year  = {2006}
}

@article{repeatability,
author = {Ellison, Aaron M.},
title = {Repeatability and transparency in ecological research},
journal = {Ecology},
volume = {91},
number = {9},
pages = {2536--2539},
year  = {2010}
}

@Manual{economist,
author = {{The {E}conomist {E}ditorial}},
year = {2013},
title = "``Trouble at the lab. ({C}over story)''", 
note = {\href{http://www.economist.com/node/21588057/}}
}

@article{johnson,
author = {Johnson, G.},
title = {``New truths that only one can see''},
journal = {The New York Times},
url = "http://www.nytimes.com/2014/01/21/science/new-truths-that-only-one-can-see.html", 
year  = {2014}
}

@techreport{crossroads,
author = "He, Xuming and Madigan, David and Yu, Bin and Wellner, Jon", 
year = "2019", 
institution = {The National Science Foundation},
title = "Statistics at a crossroads: {W}ho is for the challenge", 
note = {\href{https://hub.ki/files/MTRjZGIzZDFkMzI4NjdhNjg4ZDFjM2E4OGFiYzIyMDMxM2VkYWMzMTk3OThiODFkYTUwNTIwNTEwNTQwMzU1MjovdmFyL3d3dy9odWJraS9hcHAvc2l0ZS9jb2xsZWN0aW9ucy83MjYzL1N0YXRpc3RpY3NfYXRfYV9Dcm9zc3JvYWRzX1JlcG9ydF9KdWx5XzIwMTkucGRm}}
}

@article{esr,
author = {Nolan, Deborah and Temple Lang, Duncan},
title = {Explorations in Statistics Research: An Approach to Expose Undergraduates to Authentic Data Analysis},
journal = {The American Statistician},
year  = {2015}, 
volume = {69}, 
number = {4}, 
pages = {292--299}
}

@article{nolan-viz,
author = {Nolan, Deborah and Perrett, Jamis},
title = {Teaching and Learning Data Visualization: Ideas and Assignments},
journal = {The American Statistician},
year  = {2016}, 
volume = {70}, 
number = {3}, 
pages = {260--269}
}

@incollection{hodder, 
booktitle = {Handbook of qualitative research}, 
year = {1994}, 
title = {The interpretation of documents and material culture}, 
author = {Hodder, I.},
editor	= {Denzin, N. K. and Lincoln, Y. S.},
pages = {393--402},
publisher = {Sage Publications, Inc.}, 
address   = "Thousand Oaks, California"
}

@inproceedings{sbi1, 
author = {Chance, Beth and Mendoza, Stephanie and Tintle, Nathan},
title = {Student Gains in Conceptual Understanding in Introductory Statistics with and without a Curriculum Focused on Simulation-Based Inference},
booktitle = {Proceedings of the 2018 International Conference on Teaching Statistics (ICOTS)},
year  = {2018}
}

@inproceedings{mcnamara,
title = {Imagining the Future of Statistical Education Software},
author = {McNamara, Amelia},
booktitle = {Proceedings of the 10th International Conference on Teaching Statistics (ICOTS)},
year  = {2018}
}

@book{reproducible, 
author = "Kitzes, Justin and Turek, Daniel and Deniz, Fatma", 
year = "2018", 
title = "The Practice of Reproducible Research: Case Studies and Lessons from the Data-Intensive Sciences", 
publisher = {University of California Press},
address   = {Okland, CA},
note = {Available from: https://www.practicereproducibleresearch.org/}
}

@article{rules_reproduce,
author = {Sandve, G.K. and Nekrutenko, A. and Taylor, J. and Hovig, E.},
title = {Ten Simple Rules for Reproducible Computational Research},
journal = {{PLoS} Computational Biology},
year  = {2013}, 
volume = {9}, 
number = {10}, 
pages = {e1003285}
}
